@article{Metzing2003,
author = {Metzing, Charles and Brennan, Susan E.},
journal = {Journal of Memory and Language},
number = {2},
pages = {201--213},
title = {When conceptual pacts are broken: {P}artner-specific effects on the comprehension of referring expressions},
volume = {49},
year = {2003}
}

@article{Liberman1967,
author = {Liberman, Alvin M. and Cooper, Franklin S. and Shankweiler, Donald P. and Studdert-Kennedy, Michael},
journal = {Psychological Review},
number = {6},
pages = {431--461},
title = {Perception of the Speech Code},
volume = {74},
year = {1967}
}

@article{Norris2003,
author = {Norris, Dennis and McQueen, James M. and Cutler, Anne},
journal = {Cognitive Psychology},
number = {2},
pages = {204--238},
pmid = {12948518},
title = {Perceptual learning in speech},
volume = {47},
year = {2003}
}

@article{Yildirim2016,
author = {Yildirim, Ilker and Degen, Judith and Tanenhaus, Michael K. and Jaeger, T. Florian},
journal = {Journal of Memory and Language},
pages = {128--143},
title = {Talker-specificity and adaptation in quantifier interpretation},
volume = {87},
year = {2016}
}

@inproceedings{Schuster2018,
author = {Schuster, Sebastian and Degen, Judith},
booktitle = {Proceedings of {A}rchitectures and {M}echanisms for {L}anguage {P}rocessing 2018 ({AMLaP} 2018)},
mendeley-groups = {Adaptation},
title = {Adaptation to Variable Use of Uncertainty Expressions},
year = {2018}
}

@article{Kamide2012,
author = {Kamide, Yuki},
journal = {Cognition},
number = {1},
pages = {66--71},
title = {Learning individual talkers' structural preferences},
volume = {124},
year = {2012}
}

@article{Kleinschmidt2015,
author = {Kleinschmidt, Dave F. and Jaeger, T. Florian},
journal = {Psychological Review},
number = {2},
pages = {148--203},
pmid = {25844873},
title = {Robust speech perception: {R}ecognize the familiar, generalize to the similar, and adapt to the novel.},
volume = {122},
year = {2015}
}


@article{Kleinschmidt2019,
author = {Kleinschmidt, Dave F.},
journal = {Language, Cognition and Neuroscience},
number = {1},
pages = {43--68},
title = {Structure in talker variability: {H}ow much is there and how much can it help?},
volume = {34},
year = {2019}
}

@article{Roettger2018,
author = {Roettger, Timo B. and Franke, Michael},
journal = {Cognitive Science},
title = {Evidential strength of intonational cues and rational adaptation to \mbox{(un-)reliable} intonation},
year={submitted}
}

@article{Fine2016,
author = {Fine, Alex B. and Jaeger, T. Florian},
journal = {Journal of Experimental Psychology: Learning Memory and Cognition},
number = {9},
pages = {1362--1376},
title = {The role of verb repetition in cumulative structural priming in comprehension},
volume = {42},
year = {2016}
}


@article{Kraljic2007,
author = {Kraljic, Tanya and Samuel, Arthur G.},
journal = {Journal of Memory and Language},
number = {1},
pages = {1--15},
title = {Perceptual adjustments to multiple speakers},
volume = {56},
year = {2007}
}

@article{Bradlow2008,
author = {Bradlow, Ann R. and Bent, Tessa},
journal = {Cognition},
number = {2},
pages = {707--729},
title = {Perceptual adaptation to non-native speech},
volume = {106},
year = {2008}
}

@article{Clark2013,
author = {Clark, Andy},
journal = {Behavioral and Brain Sciences},
number = {3},
pages = {181--204},
title = {Whatever next? {P}redictive brains, situated agents, and the future of cognitive science},
volume = {36},
year = {2013}
}

@article{Weiner1983, 
title={Constraints on the agentless passive}, 
volume={19}, 
number={1}, 
journal={Journal of Linguistics},
publisher={Cambridge University Press}, 
author={Weiner, E. Judith and Labov, William}, 
year={1983}, pages={29--58}
}

@incollection{Finegan2001,
author = {Finegan, E. and Biber, D.},
booktitle = {Style and {S}ociolinguistic {V}ariation},
pages = {235--267},
title = {Register variation and social dialect variation: {T}he register axiom},
year = {2001}
}

@article{Horton2005,
author = {Horton, William S. and Gerrig, Richard J.},
journal = {Cognition},
number = {2},
pages = {127--142},
title = {The impact of memory demands on audience design during language production},
volume = {96},
year = {2005}
}

@inproceedings{Hawkins2017,
author = {Hawkins, Robert X. D. and Frank, Michael C. and Goodman, Noah D.},
booktitle = {{Proceedings of the 39th Annual Meeting of the Cognitive Science Society (CogSci 2017)}},
pages = {482--487},
title = {Convention-formation in iterated reference games},
year = {2017}
}



@article{Xie2018,
author = {Xin Xie and F. Sayako Earle and Emily B. Myers},
title = {Sleep facilitates generalisation of accent adaptation to a new talker},
journal = {Language, Cognition and Neuroscience},
volume = {33},
number = {2},
pages = {196-210},
year  = {2018}
}
